<record><leader>00000cai a22000007a 4500</leader><controlfield tag="001">50279314</controlfield><controlfield tag="006">m     o  d        </controlfield><controlfield tag="007">cr cn|||||||||</controlfield><controlfield tag="008">020801c19929999iduwr nso     0   a2eng c</controlfield><datafield ind1=" " ind2=" " tag="010"><subfield code="a">  2008219196</subfield></datafield><datafield ind1=" " ind2=" " tag="040"><subfield code="a">AMH</subfield><subfield code="b">eng</subfield><subfield code="c">AMH</subfield><subfield code="d">OCLCQ</subfield><subfield code="d">NSD</subfield><subfield code="d">DLC</subfield><subfield code="d">OCLCQ</subfield><subfield code="d">OCLCF</subfield><subfield code="d">OCLCQ</subfield></datafield><datafield ind1=" " ind2=" " tag="012"><subfield code="l">1</subfield></datafield><datafield ind1="1" ind2=" " tag="022"><subfield code="a">1944-6322</subfield><subfield code="l">1944-6314</subfield><subfield code="2">1</subfield></datafield><datafield ind1=" " ind2=" " tag="037"><subfield code="b">Bar Bar, Inc., 523 Broad St., Boise, ID 83702</subfield></datafield><datafield ind1=" " ind2=" " tag="042"><subfield code="a">pcc</subfield><subfield code="a">nsdp</subfield></datafield><datafield ind1=" " ind2=" " tag="043"><subfield code="a">n-us-id</subfield></datafield><datafield ind1="1" ind2="0" tag="050"><subfield code="a">ISSN RECORD</subfield></datafield><datafield ind1="0" ind2=" " tag="130"><subfield code="a">Boise weekly (Online)</subfield></datafield><datafield ind1=" " ind2="0" tag="222"><subfield code="a">Boise weekly</subfield><subfield code="b">(Online)</subfield></datafield><datafield ind1="1" ind2="0" tag="245"><subfield code="a">Boise weekly.</subfield></datafield><datafield ind1=" " ind2=" " tag="260"><subfield code="a">Boise, Idaho :</subfield><subfield code="b">Andy Hedden-Nicely</subfield></datafield><datafield ind1=" " ind2=" " tag="310"><subfield code="a">Weekly</subfield></datafield><datafield ind1=" " ind2=" " tag="336"><subfield code="a">text</subfield><subfield code="b">txt</subfield><subfield code="2">rdacontent</subfield></datafield><datafield ind1=" " ind2=" " tag="337"><subfield code="a">computer</subfield><subfield code="b">c</subfield><subfield code="2">rdamedia</subfield></datafield><datafield ind1=" " ind2=" " tag="338"><subfield code="a">online resource</subfield><subfield code="b">cr</subfield><subfield code="2">rdacarrier</subfield></datafield><datafield ind1="1" ind2=" " tag="362"><subfield code="a">Print began with vol. 1, issue 1 (July 21, 1992).</subfield></datafield><datafield ind1=" " ind2=" " tag="500"><subfield code="a">Title from masthead (BoiseWeekly website, viewed on Dec. 10, 2008).</subfield></datafield><datafield ind1=" " ind2=" " tag="500"><subfield code="a">Publisher: Bar Bar, Inc., &lt;2008-&gt;</subfield></datafield><datafield ind1=" " ind2="0" tag="651"><subfield code="a">Boise (Idaho)</subfield><subfield code="v">Newspapers.</subfield></datafield><datafield ind1=" " ind2="7" tag="651"><subfield code="a">Idaho</subfield><subfield code="z">Boise.</subfield><subfield code="2">fast</subfield><subfield code="0">(OCoLC)fst01205276</subfield></datafield><datafield ind1=" " ind2="7" tag="655"><subfield code="a">Newspapers.</subfield><subfield code="2">fast</subfield><subfield code="0">(OCoLC)fst01423814</subfield></datafield><datafield ind1=" " ind2=" " tag="752"><subfield code="a">United States</subfield><subfield code="b">Idaho</subfield><subfield code="c">Ada County</subfield><subfield code="d">Boise.</subfield></datafield><datafield ind1="0" ind2=" " tag="772"><subfield code="t">Idaho arts quarterly</subfield><subfield code="x">1944-6179</subfield><subfield code="w">(DLC)  2008214055</subfield><subfield code="w">(OCoLC)277283745</subfield></datafield><datafield ind1="0" ind2="8" tag="776"><subfield code="i">Print version:</subfield><subfield code="t">Boise weekly</subfield><subfield code="x">1944-6314</subfield><subfield code="w">(DLC)  2008214056</subfield><subfield code="w">(OCoLC)37710384</subfield></datafield><datafield ind1="4" ind2="0" tag="856"><subfield code="u">http://www.boiseweekly.com</subfield></datafield><datafield ind1="4" ind2="0" tag="856"><subfield code="u">http://apw.softlineweb.com/</subfield><subfield code="z">Link invalid as of: &lt;Dec. 10, 2008&gt;</subfield></datafield><datafield ind1="1" ind2=" " tag="029"><subfield code="a">AU@</subfield><subfield code="b">000043679425</subfield></datafield><datafield ind1="1" ind2=" " tag="029"><subfield code="a">NZ1</subfield><subfield code="b">16071285</subfield></datafield></record>